@article{deco,
  author = {Zhang, Fan and Maram, Sai Krishna Deepak and Malvai, Harjasleen and Goldfeder, Steven and Juels, Ari},
  biburl = {https://www.bibsonomy.org/bibtex/215a1ddf6db0641dae9f41d9e3ca6d217/dblp},
  ee = {http://arxiv.org/abs/1909.00938},
  interhash = {e56ce1e6511d751b04c34ab2964b0a35},
  intrahash = {15a1ddf6db0641dae9f41d9e3ca6d217},
  journal = {CoRR},
  keywords = {dblp},
  timestamp = {2019-09-18T11:38:02.000+0200},
  title = {DECO: Liberating Web Data Using Decentralized Oracles for TLS.},
  url = {http://dblp.uni-trier.de/db/journals/corr/corr1909.html#abs-1909-00938},
  volume = {abs/1909.00938},
  year = 2019
}



